<record><leader>00000cas a22000007a 4500</leader><controlfield tag="001">12925226</controlfield><controlfield tag="008">851217d19091923alucr ne      0    0eng d</controlfield><datafield ind1=" " ind2=" " tag="010"><subfield code="a">sn 85045125 </subfield></datafield><datafield ind1=" " ind2=" " tag="040"><subfield code="a">AAR</subfield><subfield code="b">eng</subfield><subfield code="c">AAR</subfield><subfield code="d">CPN</subfield><subfield code="d">OCLCQ</subfield></datafield><datafield ind1=" " ind2=" " tag="042"><subfield code="a">msc</subfield></datafield><datafield ind1="0" ind2="4" tag="245"><subfield code="a">The Andalusia star.</subfield></datafield><datafield ind1=" " ind2=" " tag="260"><subfield code="a">Andalusia, Ala. :</subfield><subfield code="b">Edward Doty,</subfield><subfield code="c">1909-1923.</subfield></datafield><datafield ind1=" " ind2=" " tag="300"><subfield code="a">v. :</subfield><subfield code="b">ill. ;</subfield><subfield code="c">59-62 cm.</subfield></datafield><datafield ind1=" " ind2=" " tag="310"><subfield code="a">Semiweekly,</subfield><subfield code="b">Jan. 1, 1914-Nov. 20, 1923</subfield></datafield><datafield ind1=" " ind2=" " tag="321"><subfield code="a">Weekly,</subfield><subfield code="b">Apr. 1, 1909-Dec. 25, 1913</subfield></datafield><datafield ind1="0" ind2=" " tag="362"><subfield code="a">Vol. 1, no. 1 (Apr. 1, 1909)-v. 1, no. 8 (May 20, 1909) ; v. 13, no. 38 (May 27, 1909)-v. 55, no. 46 (Nov. 20, 1923).</subfield></datafield><datafield ind1=" " ind2=" " tag="515"><subfield code="a">Numbering is irregular.</subfield></datafield><datafield ind1=" " ind2=" " tag="515"><subfield code="a">Continues the numbering of Andalusia news with May 27, 1909 issue.</subfield></datafield><datafield ind1=" " ind2=" " tag="580"><subfield code="a">Publisher purchased Andalusia news on May 18, 1909. Cf. Andalusia star, May 20, 1909.</subfield></datafield><datafield ind1=" " ind2=" " tag="752"><subfield code="a">United States</subfield><subfield code="b">Alabama</subfield><subfield code="c">Covington</subfield><subfield code="d">Andalusia.</subfield></datafield><datafield ind1="1" ind2="5" tag="780"><subfield code="t">Andalusia news</subfield><subfield code="w">(DLC)sn 85045124</subfield></datafield><datafield ind1="0" ind2="1" tag="785"><subfield code="t">Andalusia daily star</subfield><subfield code="w">(DLC)sn 85045126</subfield></datafield><datafield ind1="1" ind2=" " tag="029"><subfield code="a">AU@</subfield><subfield code="b">000025834520</subfield></datafield></record>